% an example reference
@article{PDG,
  title = {Review of Particle Physics},
  author = "Beringer, J. and others",
  collaboration = {Particle Data Group},
  journal = {Phys. Rev. D},
  volume = {86},
  issue = {1},
  pages = {010001},
  numpages = {1528},
  year = {2012},
  month = {Jul},
  doi = {10.1103/PhysRevD.86.010001},
  url = {http://link.aps.org/doi/10.1103/PhysRevD.86.010001},
  publisher = {American Physical Society}
}

@article{Pontani_Conway,
author = {Pontani, Mauro and Conway, Bruce A.},
title = {Particle Swarm Optimization Applied to Space Trajectories},
journal = {Journal of Guidance, Control, and Dynamics},
volume = {33},
number = {5},
pages = {1429-1441},
year = {2010},
doi = {10.2514/1.48475},

URL = {
        https://doi.org/10.2514/1.48475

},
eprint = {
        https://doi.org/10.2514/1.48475

}

}


% Place all others in this file as well